<record xmlns:xsi="http://www.w3.org/2001/XMLSchema-instance" xmlns="http://www.loc.gov/MARC21/slim" xsi:schemaLocation="http://www.loc.gov/MARC21/slim http://www.loc.gov/standards/marcxml/schema/MARC21slim.xsd">

  <leader>00543nam a2200157Ia 4500</leader>
  <datafield ind1=" " ind2=" " tag="999">
    <subfield code="c">2060</subfield>
    <subfield code="d">2060</subfield>
  </datafield>
  <controlfield tag="008">180829b2006    cr ||||| |||| 00| | spa d</controlfield>
  <datafield ind1=" " tag="020" ind2=" ">
    <subfield code="a">9977151520</subfield>
  </datafield>
  <datafield ind1=" " ind2=" " tag="090">
    <subfield code="a">12.07.02 </subfield>
    <subfield code="b">342</subfield>
  </datafield>
  <datafield ind1=" " tag="110" ind2=" ">
    <subfield code="a">Universidad de Costa Rica. Oficina Jurídica</subfield>
    <subfield code="9">2729</subfield>
  </datafield>
  <datafield ind1="1" ind2="0" tag="245">
    <subfield code="a">Compendio de normas universitarias usuales / </subfield>
    <subfield code="c">Universidad de Costa Rica. Oficina Jurídica </subfield>
  </datafield>
  <datafield ind1=" " tag="260" ind2=" ">
    <subfield code="a">San José, Costa Rica. : </subfield>
    <subfield code="b">Oficina de Publicaciones, </subfield>
    <subfield code="c">2000</subfield>
  </datafield>
  <datafield ind2=" " tag="300" ind1=" ">
    <subfield code="a">530 páginas</subfield>
  </datafield>
  <datafield ind2="4" tag="610" ind1=" ">
    <subfield code="9">714</subfield>
    <subfield code="a">UNIVERSIDAD DE COSTA RICA</subfield>
  </datafield>
  <datafield tag="650" ind2="4" ind1="1">
    <subfield code="a">NORMAS</subfield>
    <subfield code="9">2205</subfield>
  </datafield>
  <datafield ind2=" " tag="942" ind1=" ">
    <subfield code="2">z</subfield>
    <subfield code="c">01</subfield>
  </datafield>
</record>